@article{article:1_survey_stdm,
	title = {Spatio-Temporal Data Mining: A Survey of Problems and Methods},
	author = {G. {Atluri} and A. {Karpatne} and V. {Kumar}},
	journal = {ACM Computing Surveys},
	year = {2017},
	volume = {51},
	number = {4},
	issn = {0360-0300},
	url = {https://doi.org/10.1145/3161602},
	doi = {10.1145/3161602},
	articleno = {83},
	numpages = {41},
	keywords = {spatiotemporal data, rasters, time-series, spatial data, Data mining, geographic data}
}

@article{article:2_survey_urban,
	title = {A Survey on Urban Traffic Anomalies Detection Algorithms}, 
	author = {Y. {Djenouri} and A. {Belhadi} and J. C. {Lin} and D. {Djenouri} and A. {Cano}},
	journal = {IEEE Access}, 
	year = {2019},
	volume = {7},
	number = {},
	issn = {2169-3536},
	url = {},
	doi = {10.1109/ACCESS.2019.2893124},
	pages = {12192-12205}
}

@article{article:3_detect_eatp,
	title = {On Detection of Emerging Anomalous Traffic Patterns Using GPS Data},
	author = {L. {Pang} and S. {Chawla} and W. {Liu} and Y. {Zheng}},
	journal = {Data and Knowledge Engineering},
	year = {2013},
	month = {September},
	pages = {357-373},
	volume = {87},
	doi = {10.1016/j.datak.2013.05.002}
}


@article{article:4_detect_eatp,
	title = {Trajectory Extraction for Analysis of Unsafe Driving Behaviour},
	author = {C. {Koetsier} and S. {Busch} and M. {Sester}},
	journal = {ISPRS - International Archives of the Photogrammetry, Remote Sensing and Spatial Information Sciences},
	year = {2019},
	month = {June},
	pages = {1573-1578},
	volume = {42},
	number = {2/W13},
	doi = {10.5194/isprs-archives-XLII-2-W13-1573-2019},
	url = {https://doi.org/10.5194/isprs-archives-XLII-2-W13-1573-2019}
}

@article{article:5_survey_tbsa,
	title = {Trajectory-Based Surveillance Analysis: A Survey}, 
	author = {S. A. {Ahmed} and D. P. {Dogra} and S. {Kar} and P. P. {Roy}},
	journal = {IEEE Transactions on Circuits and Systems for Video Technology}, 
	year = {2019},
	monty = {July},
	volume = {29},
	number = {7},
	pages = {1985-1997},
	doi = {10.1109/TCSVT.2018.2857489}
}

@article{article:6_survey_anom_det_rtuvs,
	title = {Anomaly Detection in Road Traffic Using Visual Surveillance: A Survey},
	author = {S. K. {Kumaran} and D. P. {Dogra} and P. P. {Roy}},
	journal = {ArXiv: Computer Vision and Pattern Recognition},
	year = {2019},
	month = {January},
	url = {https://arxiv.org/abs/1901.08292}
}

@inproceedings{inproceedings:7_related_work,
	title = {Abnormal Events Detection Based on Trajectory Clustering}, 
	author = {N. B. {Ghrab} and E. {Fendri} and M. {Hammami}},
	booktitle = {2016 13th International Conference on Computer Graphics, Imaging and Visualization (CGiV)}, 
	year = {2016},
	volume = {},
	number = {},
	pages = {301-306},
	doi = {10.1109/CGiV.2016.65}
}

@article{article:8_review_mot_cl_alg,
	title = {A Review of Moving Object Trajectory Clustering Algorithms},
	author = {G. {Yuan} and P. {Sun} and J. {Zhao} and D. {Li} and C. {Wang}},
	journal = {Artificial Intelligence Review},
	publisher = {Kluwer Academic Publishers},
	address = {USA},
	volume = {47},
	number = {1},
	pages = {123-144},
	numpages = {22},
	year = {2017},
	month = {January},
	issn = {0269-2821},
	doi = {10.1007/s10462-016-9477-7},
	url = {https://doi.org/10.1007/s10462-016-9477-7},
	keywords = {Moving objects, Trajectory clustering, Data mining, Similarity measure, Moving pattern}	
}

@article{article:9_trb_vc_aev_sc,
	title = {Trajectory Based Vehicle Counting and Anomalous Event Visualization in Smart Cities},
	author = {F. {Mehboob} and M. {Abbas} and R. {Jiang} and A. {Rauf} and S. A. {Khan} and S. {Rehman}},
	journal = {Cluster Computing},
	year = {2018},
	month = {March},
	doi = {10.1007/s10586-017-0885-5},
	url = {https://doi.org/10.1007/s10586-017-0885-5},
	volume = {21},
	pages = {443-452}
}

@inproceedings{inproceedings:10_cfi,
	title = {Crash Factors in Intersection-Related Crashes: An On-Scene Perspective},
	author = {E.-H. {Choi} and National Highway Traffic Safety Administration},
	booktitle = {NHTSA Technical Report DOT HS 811 366},
	numpages = {38},
	year = {2010},
	month = {September}
}

@article{article:11_eod_hdd,
	title = {Efficient Outlier Detection for High-Dimensional Data}, 
	author = {H. {Liu} and X. {Li} and J. {Li} and S. {Zhang}},
	journal = {IEEE Transactions on Systems, Man, and Cybernetics: Systems}, 
	year = {2018},
	month = {December},
	volume = {48},
	number = {12},
	pages = {2451-2461},
	doi = {10.1109/TSMC.2017.2718220}
}

@article{article:12_dssto_mot,
	title = {Discovering Semantic Spatial and Spatio-Temporal Outliers from Moving Object Trajectories},
	author = {V. C. {Fontes}, V. {Bogorny}},
	journal = {ArXiv},
	volume = {abs/1303.5132},
	year = {2013},
	url = {https://arxiv.org/abs/1303.5132}
}

@article{article:13_pdoos,
	title = {Procedures for Detecting Outlying Observations in Samples}, 
	author = {F. E. {Grubbs}},
	journal = {Technometrics}, 
	volume = {11}, 
	number = {1}, 
	pages = {1-21}, 
	year = {1969},
	month = {February},
	doi = {10.1080/00401706.1969.10490657},
	url = {https://doi.org/10.1080/00401706.1969.10490657}
}

@inproceedings{inproceedings:14_mpfstsp_gp_ud,
	title = {Mining Probabilistic Frequent Spatio-Temporal Sequential Patterns with Gap Constraints from Uncertain Databases}, 
	author = {Y. {Li} and J. {Bailey} and L. {Kulik} and J. {Pei}},
	booktitle = {2013 IEEE 13th International Conference on Data Mining}, 
	year = {2013},
	month = {December},
	volume = {},
	number = {},
	pages = {448-457},
	issn = {2374-8486},
	doi = {10.1109/ICDM.2013.150}
}

@article{article:15_survey_ad,
	title = {Anomaly Detection: A Survey},
	author = {V. {Chandola} and A. {Banerjee} and V. {Kumar}},
	journal = {ACM Computing Surveys},
	year = {2009},
	month = {July},
	volume = {41},
	number = {3},
	articleno = {15},
	issn = {0360-0300},
	doi = {10.1145/1541880.1541882},
	url = {https://doi.org/10.1145/1541880.1541882},
	keywords = {Anomaly detection, outlier detection}
}

@inproceedings{inproceedings:16_va_tad_svm,
	title = {Video Analysis for Traffic Anomaly Detection using Support Vector Machines},
	author = {P. {Batapati} and D. {Tran} and W. {Sheng} and M. {Liu} and R. {Zeng}},
	booktitle = {Proceedings of the 11th World Congress on Intelligent Control and Automation (WCICA)},
	year = {2014},
	month = {March},
	pages = {5500-5505},
	doi = {10.1109/WCICA.2014.7053655}
}

@article{article:17_tbaed,
	title = {Trajectory-Based Anomalous Event Detection},
	author = {C. {Piciarelli} and C. {Micheloni} and G. L. {Foresti}},
	journal = {Circuits and Systems for Video Technology, IEEE Transactions on},
	year = {2008},
	month = {December},
	pages = {1544-1554},
	volume = {18},
	number = {11},
	doi = {10.1109/TCSVT.2008.2005599}
}

@inproceedings{inproceedings:18_ardod_lstd,
	title = {Accumulated Relative Density Outlier Detection For Large Scale Traffic Data},
	author = {S. W. T. T. {Liu} and H. Y. T. {Ngan} and M. K. {Ng} and S. J. {Simske}},
	booktitle = {Electronic Imaging}
	year = {2018},
	volume = {9},
	pages = {1-10},
	doi = {10.2352/ISSN.2470-1173.2018.09.IRIACV-239}
}

@article{article:19_gbta_ubd_is,
	title = {Goal-Based Trajectory Analysis for Unusual Behaviour Detection in Intelligent Surveillance},
	author = {F. {Tung} and J. S. {Zelek} and D. A. {Clausi}},
	journal = {Image Vision Comput.},
	year = {2011},
	month = {March},
	volume = {29},
	number = {4},
	pages = {230-240},
	numpages = {11},
	issn = {0262-8856},
	url = {https://doi.org/10.1016/j.imavis.2010.11.003},
	doi = {10.1016/j.imavis.2010.11.003},
	publisher = {Butterworth-Heinemann},
	address = {USA},
	keywords = {Anomaly detection, Video surveillance, Trajectory analysis, Behaviour understanding}
}

@inproceedings{inproceedings:20_dbscan,
	title = {A Density-Based Algorithm for Discovering Clusters in Large Spatial Databases with Noise},
	author = {M. {Ester} and H.-P. {Kriegel} and J. {Sander} and X. {Xu}},
	booktitle = {Proceedings of the Second International Conference on Knowledge Discovery and Data Mining},
	publisher = {AAAI Press},
	location = {Portland, Oregon},
	series = {KDD’96},
	year = {1996},
	pages = {226-231},
	numpages = {6},
	keywords = {efficiency on large spatial databases, clustering algorithms, handling noise, arbitrary shape of clusters},
	doi = {10.5555/3001460.3001507}
}

@inproceedings{inproceedings:21_ad_dbscan_tvs,
	title = {Anomaly Detection using DBSCAN Clustering Technique for Traffic Video Surveillance}, 
	author = {R. {Ranjith} and J. J. {Athanesious} and V. {Vaidehi}},
	booktitle = {2015 7th International Conference on Advanced Computing (ICoAC)}, 
	year = {2015},
	month = {December},
	pages = {1-6},
	doi = {10.1109/ICoAC.2015.7562795}
}

@article{article:22_survey_dscc,
	title = {A Survey on Data Stream Clustering and Classification},
	author = {H.-L. {Nguyen} and Y.-K. {Woon} and W. K. {Ng}},
	journal = {Knowledge and Information Systems},
	year = {2014},
	month = {December},
	volume = {45},
	pages = {535-569},
	doi = {10.1007/s10115-014-0808-1}
}

@article{article:23_survey_ca,
	title = {Survey of clustering algorithms}, 
	author = {R. {Xu} and D. {Wunsch}},
	journal = {IEEE Transactions on Neural Networks}, 
	year = {2005},
	month = {May},
	volume = {16},
	number = {3},
	pages = {645-678},
	doi = {10.1109/TNN.2005.845141},
	issn = {1941-0093}
}

@article{article:24_glkkm_cl_fs,
	title = {The Global Kernel $k$-Means Algorithm for Clustering in Feature Space}, 
	author = {G. F. {Tzortzis} and A. C. {Likas}},
	journal = {IEEE Transactions on Neural Networks}, 
	year = {2009},
	month = {July},
	volume = {20},
	number = {7},
	pages = {1181-1194},
	doi = {10.1109/TNN.2009.2019722}
}

@article{article:25_dhr_mvt_eesd,
	title = {Designing Huge Repositories of Moving Vehicles Trajectories for Efficient Extraction of Semantic Data}, 
	author = {A. {d'Acierno} and A. {Saggese} and M. {Vento}},
	journal = {IEEE Transactions on Intelligent Transportation Systems}, 
	year = {2015},
	month = {August},
	volume = {16},
	number = {4},
	pages = {2038-2049},
	doi = {10.1109/TITS.2015.2390652}
}

@inproceedings{inproceedings:26_dstci_tds,
	title = {Discovering Spatio-Temporal Causal Interactions in Traffic Data Streams},
	author = {W. {Liu} and Y. {Zheng} and S. {Chawla} and J. {Yuan} and X. {Xing}},
	booktitle = {Proceedings of the 17th ACM SIGKDD International Conference on Knowledge Discovery and Data Mining},
	publisher = {Association for Computing Machinery},
	address = {New York, NY, USA},
	location = {San Diego, California, USA},
	series = {KDD ’11},
	year = {2011},
	isbn = {9781450308137},
	url = {https://doi.org/10.1145/2020408.2020571},
	doi = {10.1145/2020408.2020571},
	pages = {1010-1018},
	numpages = {9},
	keywords = {frequent sub-structures, spatio-temporal outliers, outlier causalities, urban computing and planning},
}

@article{article:27_vna_cad_td,
	title = {A Visual-Numeric Approach to Clustering and Anomaly Detection for Trajectory Data},
	author = {D. {Kumar} and J. {Bezdek} and S. {Rajasegarar} and C. {Leckie} and M. {Palaniswami}},
	journal = {The Visual Computer},
	year = {2017},
	month = {March},
	volume= {33},
	number = {3},
	pages = {265-281},
	url = {https://doi.org/10.1007/s00371-015-1192-x},
	doi = {10.1007/s00371-015-1192-x}
}
